\usepackage[T2A]{fontenc} % Поддержка русских букв
\usepackage[utf8]{inputenc} % Кодировка utf8
\usepackage[english, russian]{babel} % Языки: русский, английский

@misc{XilinxZYNQ7000,
  title="Zynq-7000 SoC Data Sheet: Overview",
  howpublished="\url{https://www.xilinx.com/support/documentation/data_sheets/ds190-Zynq-7000-Overview.pdf}"
}

@misc{Cortex-A9,
  title="Cortex-A9 Technical Reference Manual",
  howpublished="\url{https://static.docs.arm.com/ddi0388/i/DDI0388I_cortex_a9_r4p1_trm.pdf?_ga=2.105311619.1400052031.1590936331-252503034.1590936331}"
}
